@manual{rohde:lingermanual,
	Author = {Doug Rohde},
	Date-Modified = {2011-09-08 13:34:21 +0000},
	Note = {Version 2.88},
	Organization = {Massachusetts Institute of Technology},
	Title = {Linger: a flexible platform for language processing experiments},
	Url = {http://tedlab.mit.edu/~dr/Linger/},
	Year = {2005},
	Bdsk-Url-1 = {http://tedlab.mit.edu/~dr/Linger/}}
